@misc{docsWx,
    title={Documentação WxWidgets},
    url={https://docs.wxwidgets.org/3.0/},
    urlaccessdate = {6 de junho de 2021.}
}
